01,NATAAU3M,BNZA,250531,0400,1,,,2/
02,BNZA,084-255,1,250530,0000,,/
03,764445640,AUD,015,000,,,100,535036359,,,102,100,,,400,535036359,,,402,100/
88,,,500,000,,,501,000,,,502,000,,,503,000,,,965,000,,,966,000,,,967,000,,,968/
88,000,,,969,000,,/
16,930,535036359,Z,0,,FROM:    51-509-6734                                       
16,501,535036359,Z,0,,INTERNET MULTI TFR                                         
88,012465            Pmt 000289581856 071436                                    /
49,2140145636,7/
03,789456123,AUD,015,000,,,100,56913478,,,102,100,,,400,56913478,,,402,100,,,500/
88,000,,,501,000,,,502,000,,,503,000,,,965,000,,,966,000,,,967,000,,,968,000/
88,,,969,000,,/
16,399,56913478,Z,0,,MISC CREDIT/
16,980,56913478,Z,0,,TO:      51-509-6734                                        
49,227654112,6/
98,2367799748,2,15/
99,2367799748,1,17/
