01,NATAAU3M,BNZA,250529,0400,1,,,2/
02,BNZA,084-255,1,250528,0000,,/
03,764445640,AUD,015,000,,,100,580062420,,,102,100,,,400,580062420,,,402,100/
88,,,500,000,,,501,000,,,502,000,,,503,000,,,965,000,,,966,000,,,967,000,,,968/
88,000,,,969,000,,/
16,930,580062420,Z,0,,FROM:    51-509-6734                                       
16,501,580062420,Z,0,,INTERNET MULTI TFR                                         
88,012434            Pmt 000289334617 071436                                    /
49,2320249880,7/
03,789456123,AUD,015,000,,,100,297415359,,,102,100,,,400,297415359,,,402,100/
88,,,500,000,,,501,000,,,502,000,,,503,000,,,965,000,,,966,000,,,967,000,,,968/
88,000,,,969,000,,/
16,399,297415359,Z,0,,MISC CREDIT/
16,980,297415359,Z,0,,TO:      51-509-6734                                       
49,1189661636,6/
98,3509911516,2,15/
99,3509911516,1,17/
