01,NATAAU3M,BNZA,250606,0400,1,,,2/
02,BNZA,084-255,1,250605,0000,,/
03,764445640,AUD,015,000,,,100,564464017,,,102,100,,,400,564464017,,,402,100/
88,,,500,000,,,501,000,,,502,000,,,503,000,,,965,000,,,966,000,,,967,000,,,968/
88,000,,,969,000,,/
16,930,564464017,Z,0,,FROM:    51-509-6734                                       
16,501,564464017,Z,0,,INTERNET MULTI TFR                                         
88,012507            Pmt 000290092341 071436                                    /
49,2257856268,7/
03,789456123,AUD,015,000,,,100,133198754,,,102,100,,,400,133198754,,,402,100/
88,,,500,000,,,501,000,,,502,000,,,503,000,,,965,000,,,966,000,,,967,000,,,968/
88,000,,,969,000,,/
16,399,133198754,Z,0,,MISC CREDIT/
16,980,133198754,Z,0,,TO:      51-509-6734                                       
49,532795216,6/
98,2790651484,2,15/
99,2790651484,1,17/
