01,NATAAU3M,BNZA,250607,0400,1,,,2/
02,BNZA,084-255,1,250606,0000,,/
03,764445640,AUD,015,000,,,100,599868078,,,102,100,,,400,599868078,,,402,100/
88,,,500,000,,,501,000,,,502,000,,,503,000,,,965,000,,,966,000,,,967,000,,,968/
88,000,,,969,000,,/
16,930,599868078,Z,0,,FROM:    51-509-6734                                       
16,501,599868078,Z,0,,INTERNET MULTI TFR                                         
88,012520            Pmt 000290211586 071436                                    /
49,2399472512,7/
03,789456123,AUD,015,000,,,100,83835959,,,102,100,,,400,83835959,,,402,100,,,500/
88,000,,,501,000,,,502,000,,,503,000,,,965,000,,,966,000,,,967,000,,,968,000/
88,,,969,000,,/
16,399,83835959,Z,0,,MISC CREDIT/
16,980,83835959,Z,0,,TO:      51-509-6734                                        
49,335344036,6/
98,2734816548,2,15/
99,2734816548,1,17/
