01,NATAAU3M,BNZA,250605,0400,1,,,2/
02,BNZA,084-255,1,250604,0000,,/
03,764445640,AUD,015,000,,,100,839632044,,,102,100,,,400,839632044,,,402,200/
88,,,500,000,,,501,000,,,502,000,,,503,000,,,965,000,,,966,000,,,967,000,,,968/
88,000,,,969,000,,/
16,930,839632044,Z,0,,FROM:    51-509-6734                                       
16,501,839629094,Z,0,,INTERNET MULTI TFR                                         
88,012496            Pmt 000289966642 071436                                    /
16,501,2950,Z,0,,Client ID J1U00   NAB Transact Fee 101168                       
49,3358528476,8/
03,789456123,AUD,015,000,,,100,183012780,,,102,100,,,400,183012780,,,402,100/
88,,,500,000,,,501,000,,,502,000,,,503,000,,,965,000,,,966,000,,,967,000,,,968/
88,000,,,969,000,,/
16,399,183012780,Z,0,,MISC CREDIT/
16,980,183012780,Z,0,,TO:      51-509-6734                                       
49,732051320,6/
98,4090579796,2,16/
99,4090579796,1,18/
