01,NATAAU3M,BNZA,250610,0400,1,,,2/
02,BNZA,084-255,1,250609,0000,,/
03,764445640,AUD,015,000,,,100,000,,,102,000,,,400,000,,,402,000,,,500,000,,,501/
88,000,,,502,000,,,503,000,,,965,000,,,966,000,,,967,000,,,968,000,,,969,000/
88,,,
49,0,4/
03,789456123,AUD,015,000,,,100,114970203,,,102,100,,,400,114970203,,,402,100/
88,,,500,000,,,501,000,,,502,000,,,503,000,,,965,000,,,966,000,,,967,000,,,968/
88,000,,,969,000,,/
16,399,114970203,Z,0,,MISC CREDIT/
16,980,114970203,Z,0,,TO:      51-509-6734                                       
49,459881012,6/
98,459881012,2,12/
99,459881012,1,14/
