01,NATAAU3M,BNZA,250611,0400,1,,,2/
02,BNZA,084-255,1,250610,0000,,/
03,764445640,AUD,015,000,,,100,3827593171,,,102,100,,,400,3827593171,,,402,100/
88,,,500,000,,,501,000,,,502,000,,,503,000,,,965,000,,,966,000,,,967,000,,,968/
88,000,,,969,000,,/
16,930,3827593171,Z,0,,FROM:    51-509-6734                                      
16,501,3827593171,Z,0,,INTERNET MULTI TFR                                        
88,012532            Pmt 000290382575 071436                                    /
49,15310372884,7/
03,789456123,AUD,015,000,,,100,212061365,,,102,100,,,400,212061365,,,402,100/
88,,,500,000,,,501,000,,,502,000,,,503,000,,,965,000,,,966,000,,,967,000,,,968/
88,000,,,969,000,,/
16,399,212061365,Z,0,,MISC CREDIT/
16,980,212061365,Z,0,,TO:      51-509-6734                                       
49,848245660,6/
98,16158618544,2,15/
99,16158618544,1,17/
