01,NATAAU3M,BNZA,250530,0400,1,,,2/
02,BNZA,084-255,1,250529,0000,,/
03,764445640,AUD,015,000,,,100,647768367,,,102,100,,,400,647768367,,,402,100/
88,,,500,000,,,501,000,,,502,000,,,503,000,,,965,000,,,966,000,,,967,000,,,968/
88,000,,,969,000,,/
16,930,647768367,Z,0,,FROM:    51-509-6734                                       
16,501,647768367,Z,0,,INTERNET MULTI TFR                                         
88,012452            Pmt 000289446798 071436                                    /
49,2591073668,7/
03,789456123,AUD,015,000,,,100,261049515,,,102,100,,,400,261049515,,,402,100/
88,,,500,000,,,501,000,,,502,000,,,503,000,,,965,000,,,966,000,,,967,000,,,968/
88,000,,,969,000,,/
16,399,261049515,Z,0,,MISC CREDIT/
16,980,261049515,Z,0,,TO:      51-509-6734                                       
49,1044198260,6/
98,3635271928,2,15/
99,3635271928,1,17/
