01,NATAAU3M,BNZA,250604,0400,1,,,2/
02,BNZA,084-255,1,250603,0000,,/
03,764445640,AUD,015,000,,,100,819523539,,,102,100,,,400,819523539,,,402,100/
88,,,500,000,,,501,000,,,502,000,,,503,000,,,965,000,,,966,000,,,967,000,,,968/
88,000,,,969,000,,/
16,930,819523539,Z,0,,FROM:    51-509-6734                                       
16,501,819523539,Z,0,,INTERNET MULTI TFR                                         
88,012491            Pmt 000289849941 071436                                    /
49,3278094356,7/
03,789456123,AUD,015,000,,,100,113342715,,,102,100,,,400,113342715,,,402,100/
88,,,500,000,,,501,000,,,502,000,,,503,000,,,965,000,,,966,000,,,967,000,,,968/
88,000,,,969,000,,/
16,399,113342715,Z,0,,MISC CREDIT/
16,980,113342715,Z,0,,TO:      51-509-6734                                       
49,453371060,6/
98,3731465416,2,15/
99,3731465416,1,17/
