01,NATAAU3M,BNZA,250603,0400,1,,,2/
02,BNZA,084-255,1,250602,0000,,/
03,764445640,AUD,015,000,,,100,2217783327,,,102,100,,,400,2217783327,,,402,200/
88,,,500,000,,,501,000,,,502,000,,,503,000,,,965,000,,,966,000,,,967,000,,,968/
88,000,,,969,000,,/
16,930,2217783327,Z,0,,FROM:    51-509-6734                                      
16,501,2217766687,Z,0,,INTERNET MULTI TFR                                        
88,012481            Pmt 000289743860 071436                                    /
16,501,16640,Z,0,,INTERNET MULTI TFR                                             
88,012373            Pmt 000288756737 071436                                    /
49,8871133608,9/
03,789456123,AUD,015,000,,,100,117659643,,,102,100,,,400,117659643,,,402,100/
88,,,500,000,,,501,000,,,502,000,,,503,000,,,965,000,,,966,000,,,967,000,,,968/
88,000,,,969,000,,/
16,399,117659643,Z,0,,MISC CREDIT/
16,980,117659643,Z,0,,TO:      51-509-6734                                       
49,470638772,6/
98,9341772380,2,17/
99,9341772380,1,19/
