11201017546300000000000000000000003178100000500005195  050012092112092412092500002001700000000000175                          
00201017546300000000000000001000002012200000150000018  040012092612092612092700000000600000000000000                          
00201017546300000000000000001000002012200000500000018  040012092112092112092400000002600000000000000                          
00201017546300000000000000002016162012700000180000008  000012092612092612092700675585500000000000000                          
00201017546300000000000000002016272012700000180000008  000012092612092612092700641395300000000000000                          
00201017546300000000000000002016302012100000090000008  020012092412092412092500729000100000000000000                          
00201017546300000000000000002016342012200000036000040  040012092812092812100100837000100000000000000                          
00201017546300000000000000002016362012900000180000040  040012092012092012092100666000100000000000000                          
00201017546300000000000000002016402012700000180000018  040012092512092512092600000003700000000000000                          
00201017546300000000000000002016412012800000036000008  000012092812092812100100760008200000000000000                          
00201017546300000000000000002016422012200000020000040  040012092712092712092800118000700000000000000                          
00201017546300000000000000002016432012600000020000008  000012092712092712092800721249800000000000000                          
00201017546300000000000000002016442012900000036000008  000012092412092412092500588088400000000000000                          
00201017546300000000000000002016472012400000054000008  000012092012092012092100521848700000000000000                          
11201017546300000000000000002017602012900000450005006  050012092612092712092800002013910000000000175                          
00201017546300000000000000003000002012000000040000008  000012092612092612092700642953800000000000000                          
00201017546300000000000000003011152012900000100000040  040012092712092712092800121000100000000000000                          
11201017546300000000000000004000002012500000200005006  050012092612092712092800002013810000000000175                          
00201017546300000000000000005016622012800000020000040  040012091912091912092000205000100000000000000                          
00201017546300000000000000006016642012500000020000040  040012092012092012092100666000100000000000000                          
11201017546300000000000000007000002012100000200005101  020012092612092712092800001008210000000000175                          
11201017546300000000000000011000002012900000290005195  020012092012092112092400001000310000000000175                          
00201017546300000000000000011012322012700000200000018  040012092712092712092800000001600000000000000                          
00201017546300000000000000012000002012200000138600008  000012092412092412092500593853400000000000000                          
00201017546300000000000000022000002012300000032400018  040012092112092112092400000002400000000000000                          
00201017546300000000000000023000002012100000032400018  040012092112092112092400000002400000000000000                          
00201017546300000000000000024000002012600000032400018  040012092112092112092400000002400000000000000                          
00201017546300000000000000027010852012900000081000008  000012092612092612092700675016800000000000000                          
00201017546300000000000000027010912012500000032400008  000012092012092012092100509369200000000000000                          
00201017546300000000000000027014322012700000048600018  040012091912091912092000000001600000000000000                          
00201017546300000000000000027014342012200000032400008  000012092712092712092800601946900000000000000                          
00201017546300000000000000027014492012000000020000008  000012092812092812100100750410300000000000000                          
00201017546300000000000000027016712012800000033000008  000012092612092612092700642648600000000000000                          
00201017546300000000000000027017322012500000075000008  000012092812092812100100584976000000000000000                          
00201017546300000000000000027017322012500000085000008  000012092812092812100100584381400000000000000                          
00201017546300000000000000028017452012200000054000018  040012092812092812100100000002500000000000000                          
00201017546300000000000000030000002012300000133000018  040012092812092812100100000003100000000000000                          
00201017546300000000000000037012382012900000072000008  000012092612092612092700675954100000000000000                          
00201017546300000000000000037012402012800000072000008  000012092612092612092700659615700000000000000                          
00201017546300000000000000037012412012200000028800018  040012092412092412092500000002800000000000000                          
00201017546300000000000000037012432012900000080000008  000012092412092412092500556971700000000000000                          
00201017546300000000000000037012442012500000043200018  040012092812092812100100000002400000000000000                          
00201017546300000000000000037012462012400000072000008  000012092412092412092500573406700000000000000                          
00201017546300000000000000037012472012100000072000018  040012092412092412092500000002900000000000000                          
00201017546300000000000000037013862012200000030000018  040012092612092612092700000000200000000000000                          
00201017546300000000000000037013872012600000043200018  040012092412092412092500000002800000000000000                          
00201017546300000000000000037013882012900000072000018  040012092712092712092800000001300000000000000                          
00201017546300000000000000037015752012000000028800008  000012092412092412092500572372800000000000000                          
00201017546300000000000000038000002012500000148500018  040012092612092612092700000000600000000000000                          
00201017546300000000000000038012942012600000060000018  040012092612092612092700000000400000000000000                          
00201017546300000000000000068000002012700000257600040  040012092712092712092800850000100000000000000                          
11201017546300000000000000072015482012600000015005030  030012092512092612092700001002110000000000090                          
00201017546300000000000000073000002012500000821000040  040012092712092712092800850000100000000000000                          
00201017546300000000000000074000002012700000740000040  040012092712092712092800850000100000000000000                          
11201017546300000000000000075015422012800000015005030  030012092512092612092700001002010000000000090                          
11201017546300000000000000076015512012300000030005030  030012092512092612092700001002210000000000090                          
00201017546300000000000000078000002012400000039600018  040012092812092812100100000002400000000000000                          
00201017546300000000000000079000002012900000100000018  040012092412092412092500000003000000000000000                          
00201017546300000000000000084000002012100000200000008  000012092712092712092800720675200000000000000                          
00201017546300000000000000084014402012100000070000018  040012092612092612092700000000400000000000000                          
00201017546300000000000000084014422012700000100000018  040012092712092712092800000001400000000000000                          
00201017546300000000000000084014462012900000643500008  000012092712092712092800720009200000000000000                          
00201017546300000000000000084015082012300000036000008  000012092612092612092700679445200000000000000                          
00201017546300000000000000085000002012600000099000008  000012092612092612092700649031200000000000000                          
00201017546300000000000000086000002012400000180000008  000012092612092612092700649509800000000000000                          
00201017546300000000000000089000002012800000030000018  040012092612092612092700000000200000000000000                          
00201017546300000000000000091000002012300000103200040  040012092812092812100100577000300000000000000                          
00201017546300000000000000095000002012900000097200040  040012092712092712092800850000100000000000000                          
00201017546300000000000000099000002012500000170000008  000012092512092512092600547113300000000000000                          
00201017546300000000000000101012342012100000018000018  040012092812092812100100000002100000000000000                          
00201017546300000000000000103011182012900000020000008  000012092412092412092500558330500000000000000                          
00201017546300000000000000103011392012900000025000008  000012092612092612092700672538400000000000000                          
00201017546300000000000000104011352012400000234000018  040012092512092512092600000003700000000000000                          
00201017546300000000000000104011372012000000234000018  040012092812092812100100000003400000000000000                          
00201017546300000000000000104013992012800000117000040  040012092712092712092800118000700000000000000                          
00201017546300000000000000104017592012200000120000040  040012092612092612092700204000200000000000000                          
00201017546300000000000000107011322012300000040000040  040012092812092812100100577000300000000000000                          
00201017546300000000000000108011332012300000040000040  040012092812092812100100577000300000000000000                          
00201017546300000000000000109011342012800000040000040  040012092812092812100100577000300000000000000                          
00201017546300000000000000111000002012200000090000018  040012092512092512092600000003600000000000000                          
00201017546300000000000000112000002012800000040000018  040012092512092512092600000003400000000000000                          
00201017546300000000000000113000002012000000070000018  040012092512092512092600000003500000000000000                          
00201017546300000000000000114000002012500000060000018  040012092512092512092600000003500000000000000                          
00201017546300000000000000115015802012000000050000040  040012092412092412092500271000100000000000000                          
11201017546300000000000000115017442012600000060006225  030012091912092012092100002003900000000000120                          
11201017546300000000000000140000002012300000063006323  030012092612092712092800002005700000000000120                          
00201017546300000000000000146000002012800000113600040  040012092412092412092500951000100000000000000                          
00201017546300000000000000147000002012000000112000040  040012092412092412092500951000100000000000000                          
00201017546300000000000000158000002012300000063000008  000012092612092612092700649820400000000000000                          
00201017546300000000000000161000002012000000264600008  000012092612092612092700649982400000000000000                          
00201017546300000000000000162000002012500000018000040  040012092812092812100100577000300000000000000                          
00201017546300000000000000177000002012500000050000018  040012092512092512092600000003500000000000000                          
00201017546300000000000000180015132012000000045000018  040012092812092812100100000002400000000000000                          
11201017546300000000000000180015142012700000020005195  040012092412092512092600001005810000000000090                          
00201017546300000000000000180015152012800000009000018  040012092512092512092600000003400000000000000                          
00201017546300000000000000180015172012600000009000018  040012092712092712092800000001100000000000000                          
00201017546300000000000000180016612012000000018000008  000012092812092812100100635929500000000000000                          
00201017546300000000000000181015112012900000045000018  040012092812092812100100000002400000000000000                          
11201017546300000000000000181015122012500000010006225  010012092512092612092700001012110000000000090                          
00201017546300000000000000181015372012400000045000008  000012092612092612092700640922000000000000000                          
00201017546300000000000000181017252012300000045000018  040012092612092612092700000000300000000000000                          
11201017546300000000000000197000002012900000089106246  030012092412092512092600002002410000000000120                          
00201017546300000000000000199000002012800000081000018  040012092712092712092800000001400000000000000                          
00201017546300000000000000200000002012600000033800040  040012092412092412092500216000800000000000000                          
00201017546300000000000000215000002012100000010000018  040012092712092712092800000001100000000000000                          
00201017546300000000000000222014062012700000050400040  040012092112092112092400202000100000000000000                          
00201017546300000000000000230014042012600000050400040  040012092112092112092400202000100000000000000                          
00201017546300000000000000238014052012000000050400040  040012092112092112092400202000100000000000000                          
00201017546300000000000000239000002012900000020000018  040012092612092612092700000000200000000000000                          
00201017546300000000000000240013522012700000040000018  040012092812092812100100000002400000000000000                          
00201017546300000000000000241014072012000000050400040  040012092112092112092400202000100000000000000                          
00201017546300000000000000253016862012500000020000018  040012092612092612092700000000200000000000000                          
00201017546300000000000000253016872012300000012600018  040012092812092812100100000002100000000000000                          
00201017546300000000000000253016892012100000020000040  040012092712092712092800121000100000000000000                          
00201017546300000000000000267000002012100000165000018  040012092612092612092700000000600000000000000                          
00201017546300000000000000278000002012100000140000018  040012092812092812100100000003100000000000000                          
00201017546300000000000000280000002012500000110000018  040012092612092612092700000000500000000000000                          
00201017546300000000000000289000002012000001000000018  040012092712092712092800000001900000000000000                          
00201017546300000000000000291016772012000000020000018  040012092612092612092700000000200000000000000                          
00201017546300000000000000291016802012300000020000040  040012092712092712092800121000100000000000000                          
11201017546300000000000000291016832012000000030005237  010012092412092512092600002009410000000000090                          
00201017546300000000000000291016942012500000018000018  040012092812092812100100000002100000000000000                          
00201017546300000000000000291016952012300000020000008  000012092712092712092800627588200000000000000                          
11201017546300000000000000293000002012400000012005188  030012092112092412092500001002110000000000090                          
11201017546300000000000000295000002012200000050005193  050012092512092612092700001000210000000000090                          
00201017546300000000000000299000002012700000225000040  040012092412092412092500953000100000000000000                          
11201017546300000000000000300013852012400000117006072  010012092712092812100100001026410000000000175                          
11201017546300000000000000326015262012000000020005100  010012092512092612092700001008610000000000090                          
00201017546300000000000000326015852012700000040000040  040012092612092612092700457000100000000000000                          
00201017546300000000000000327015062012600000108000018  040012092412092412092500000003000000000000000                          
00201017546300000000000000327017652012500000043200018  040012092112092112092400000002400000000000000                          
00201017546300000000000000327017662012300000432000008  000012092112092112092400541556300000000000000                          
00201017546300000000000000327017672012400000043200018  040012092012092012092100000002000000000000000                          
00201017546300000000000000328015012012600000063000018  040012092412092412092500000002900000000000000                          
00201017546300000000000000329015022012300000063000018  040012092412092412092500000002900000000000000                          
00201017546300000000000000331015032012000000117000018  040012092412092412092500000003000000000000000                          
00201017546300000000000000332015042012200000063000018  040012092412092412092500000002900000000000000                          
00201017546300000000000000333000002012600000050000008  000012092612092612092700680712300000000000000                          
00201017546300000000000000336000002012200000043200018  040012092612092612092700000000300000000000000                          
00201017546300000000000000337000002012800000028800018  040012092512092512092600000003400000000000000                          
00201017546300000000000000337000002012800000028800018  040012092612092612092700000000200000000000000                          
00201017546300000000000000338015732012400000021600008  000012092612092612092700653914300000000000000                          
00201017546300000000000000338015772012800000021600018  040012092412092412092500000002800000000000000                          
10201017546300000000000000342000002012800000081000014  420012092712092712092800007022800000000000000                          
00201017546300000000000000366000002012900000020000018  040012092812092812100100000002200000000000000                          
00201017546300000000000000367017362012000000020000040  040012092812092812100100513000100000000000000                          
00201017546300000000000000367017382012800000059400018  040012092812092812100100000002600000000000000                          
00201017546300000000000000368016652012800000030000018  040012092812092812100100000002300000000000000                          
00201017546300000000000000372016212012800000050000018  040012092112092112092400000002400000000000000                          
00201017546300000000000000410017492012100000010800040  040012092712092712092800121000100000000000000                          
11201017546300000000000000410017532012400000010806246  020012092712092812100100001006010000000000090                          
00201017546300000000000000415000002012900000030000018  040012092812092812100100000002300000000000000                          
00201017546300000000000000420000002012900000100000018  040012092712092712092800000001400000000000000                          
00201017546300000000000000424000002012500000028800018  040012092512092512092600000003400000000000000                          
11201017546300000000000000437000002012300000086405195  030012092512092612092700002002210000000000120                          
999010175463999999999999999999999999999000001543870000000000155120928000002430000000084                                       
