2904 3316
651 537 740 80 L’OSSATURE
1473 517 756 102 MÉTALLIQUE

649 648 241 35 BULLETIN
942 649 57 33 DE
1050 648 517 36 DOCUMENTATION.
1616 640 233 44 NUMÉRO
1886 651 27 33 U
1958 649 139 35 MARS
2136 649 96 35 1932

653 1297 1574 80 INTRODUCTION

688 1472 44 31 Le
757 1473 138 40 présent
920 1472 149 33 bulletin
1096 1473 41 32 de
1162 1473 212 33 documenta-

645 1530 85 37 tion,
749 1531 164 30 consacré
928 1531 19 30 à
962 1529 33 32 la
1010 1531 239 31 construction
1266 1530 105 32 métal-

647 1585 106 42 lique,
795 1587 98 40 puise
931 1597 50 21 ses
1020 1588 154 31 résumés
1213 1587 175 33 d’articles

646 1642 86 32 dans
753 1653 48 21 un
824 1643 148 32 nombre
993 1645 195 40 important
1207 1644 41 33 de
1267 1655 121 22 revues

646 1699 47 32 du
718 1700 129 32 monde
871 1701 120 33 entier.

690 1755 195 33 L’ossature
910 1757 204 41 métallique
1137 1762 82 28 veut
1242 1758 147 41 remplir

646 1823 62 21 son
731 1813 63 32 but
816 1814 40 31 de
879 1815 225 40 propagande
1126 1826 90 30 pour
1238 1815 32 32 le
1290 1816 84 31 déve-

649 1870 203 41 loppement
892 1872 42 31 de
973 1871 157 42 l’emploi
1171 1872 42 32 de
1254 1872 131 39 l’acier,

648 1927 107 33 d’une
789 1932 77 37 part
899 1939 42 21 en
977 1929 119 32 aidant
1131 1928 47 33 les
1212 1934 163 27 construc-

646 1988 94 29 teurs
777 1986 18 31 à
832 1985 185 33 améliorer
1054 1985 75 33 leur
1166 1986 221 39 fabrication,

648 2041 135 32 d’autre
814 2047 77 36 part
921 2053 43 21 en
997 2047 182 28 montrant
1209 2054 68 21 aux
1308 2054 66 21 con-

646 2104 244 34 sommateurs,
941 2111 68 21 aux
1056 2102 215 39 ingénieurs,
1321 2111 68 21 aux

646 2156 202 33 architectes
885 2162 33 27 et
953 2168 69 21 aux
1057 2159 246 40 propriétaires
1341 2158 47 32 les

646 2214 211 40 possibilités
879 2225 67 31 que
967 2214 76 33 leur
1063 2215 87 32 offre
1171 2215 130 33 l’acier.

691 2270 44 33 Le
755 2271 154 33 Bulletin
929 2272 41 32 de
988 2271 298 33 Documentation
1306 2272 69 32 clas-

647 2337 75 22 sera
742 2327 91 33 donc
855 2338 50 22 ses
926 2330 160 30 matières
1107 2328 41 32 de
1170 2328 102 40 façon
1293 2329 20 31 à
1333 2328 42 32 dé-

645 2395 107 30 gager
766 2384 47 33 les
828 2386 105 40 sujets
946 2386 207 31 intéressant
1166 2385 80 42 plus
1261 2387 115 40 spécia-

649 2441 132 33 lement
812 2453 51 21 ses
896 2443 199 32 différentes
1128 2444 189 40 catégories
1349 2443 42 32 de

648 2498 157 34 lecteurs.
829 2499 143 33 L’ordre
994 2501 140 31 suivant
1155 2510 19 22 a
1195 2501 51 31 été
1266 2500 120 33 arrêté.

693 2577 30 31 1.
750 2576 191 33 Matériaux
969 2597 46 5 —
1044 2577 141 40 calculs,
1217 2596 46 6 —
1292 2587 84 22 cons-

647 2635 153 31 truction
824 2638 32 28 et
878 2635 115 32 essais.

1532 1475 31 31 2.
1592 1474 220 42 Description
1868 1474 208 41 d’ouvrages
2132 1485 84 22 cons-

1487 1532 101 30 truits
1607 1542 46 21 ou
1670 1533 161 40 projetés.

1529 1605 30 32 3.
1585 1604 191 34 Matériaux
1795 1607 41 31 de
1854 1608 227 42 remplissage
2106 1608 121 40 (hour-

1486 1662 65 39 dis,
1578 1673 97 22 murs
1700 1668 32 28 et
1755 1663 162 41 cloisons,
1944 1665 229 33 revêtements
2197 1670 32 28 et

1487 1719 147 39 divers).

1533 1798 30 30 4.
1591 1797 126 33 Etudes
1745 1799 178 40 générales
1951 1804 32 28 et
2011 1801 118 31 études
2157 1802 60 30 éco-

1488 1856 198 40 nomiques.

1532 1944 93 33 Nous
1660 1948 163 40 espérons
1859 1948 140 33 réaliser
2035 1960 62 31 par
2131 1955 100 28 notre

1489 2001 152 33 Bulletin
1666 2014 70 21 une
1760 2014 120 23 œuvre
1903 2006 86 32 utile
2013 2008 151 41 inspirée
2189 2008 42 32 de

1488 2064 99 27 notre
1603 2062 135 40 unique
1754 2063 96 31 souci
1867 2073 6 21 :
1890 2063 229 34 documenter
2134 2075 82 22 exac-

1488 2121 131 29 tement
1634 2129 64 21 nos
1715 2119 145 33 lecteurs
1876 2131 59 22 sur
1951 2121 47 32 les
2013 2121 217 35 réalisations

1488 2176 242 32 intéressantes
1752 2177 98 32 faites
1872 2178 86 32 dans
1977 2183 78 28 tous
2078 2179 47 32 les
2147 2190 84 31 pays

1488 2236 32 27 et
1540 2232 47 33 les
1607 2233 95 32 aider
1721 2235 90 31 ainsi
1831 2236 19 30 à
1869 2235 143 42 adopter
2032 2236 86 32 dans
2139 2237 92 32 leurs

1489 2292 145 29 travaux
1663 2290 47 32 les
1740 2291 171 33 solutions
1941 2292 47 33 les
2018 2293 210 33 meilleures.

1532 2346 92 33 Nous
1641 2358 183 23 recevrons
1843 2349 190 33 volontiers
2052 2354 112 29 toutes
2183 2351 47 32 les

1488 2406 220 39 suggestions
1736 2406 109 41 qu’on
1873 2408 134 32 voudra
2032 2408 81 32 bien
2141 2419 89 22 nous

1489 2461 84 32 faire
1600 2467 110 36 quant
1735 2464 19 31 à
1780 2463 32 32 la
1837 2466 236 39 présentation
2100 2465 42 32 de
2167 2476 63 22 nos

1489 2521 172 38 matières,
1689 2520 75 32 leur
1787 2520 115 40 choix,
1930 2520 32 33 la
1986 2522 178 32 rédaction
2190 2523 41 31 de

1489 2586 63 22 nos
1578 2576 147 40 articles,
1753 2581 77 37 etc.,
1859 2587 42 22 en
1926 2588 66 22 vue
2017 2578 171 33 d’arriver
2212 2580 19 31 à

1488 2634 120 31 mieux
1624 2635 109 31 servir
1751 2644 64 22 nos
1834 2636 204 32 intentions.

1666 2716 263 33 L’OSSATURE
1944 2717 285 39 METALLIQUE.

2349 2717 17 38 1
