01,NATAAU3M,BNZA,260303,0400,1,,,2/
02,BNZA,123-456,1,260302,0000,,/
03,838293892,AUD,015,9900-,,,100,000,,,102,000,,,400,000,,,402,000,,,500,000/
88,,,501,016,,,502,000,,,503,000,,,965,000,,,966,000,,,967,000,,,968,000,,,969/
88,000,,/
49,-9884,4/
03,838293892,AUD,015,100000,,,100,000,,,102,000,,,400,000,,,402,000,,,500,031/
88,,,501,000,,,502,000,,,503,000,,,965,000,,,966,287,,,967,000,,,968,000,,,969/
88,000,,/
49,100318,4/
98,90434,2,10/
99,90434,1,12/
