01,,BNZA,210521,0400,1,78,78/
02,BNZA,NATAAU3M,1,210521,0000/
03,111111111,AUD,015,10000011,100,000,102,000,400/
88,000,402,000,500,40011,501,50011,502/
88,200011,503,200011,965,000,966,050/
88,967,075,968,006,969,017/
49,10490203,10490055/
03,222222222,AUD,015,10000009,100,000,102,000,400/
88,125555,402,400,500,40009,501,50009,502/
88,200009,503,200009,965,000,966,000/
88,967,000,968,000,969,070/
16,495,450000,0,0,INTERNET TRANSFER
88,Internet Transfer PYMT-ID 999999999 AA to 123/
16,495,150000,0,0,INTERNET BILL PAYMNT
88,INTERNET BPAY PMT 111111111111 NARRATIVEINFO/
16,495,1700000,0,0,INTERNET TRANSFER,Internet
88,Transfer PYMT-ID 12346789 O1 to 123/
16,495,860475,0,0,INTERNET TRANSFER
88,Internet Transfer PYMT-ID 222222222 Narrative
49,13776545,13776475/
03,333333333,AUD,015,10000010,100,000,102,000,400/
88,47310,402,200,500,40010,501,50010,502/
88,200010,503,200010,965,000,966,187/
88,967,000,968,000,969,031/
16,920,541105,0,0,Payment Narrative 123456/
16,595,6585,0,0,MERCHNAME/
49,11085468,11085250/
98,35352216,3,35351780/
99,35352216,1,29,35351780/
