0                 01NAB       XXX                       614409XX XXXXXXX  301023                                        
2092-9146459342436130000002000XXXXX XXXXXXXXX                 1030239591402     112-949492994933XXXXXX XXXXXXXXX24614409
2092-9146459342436130000001299XXXXXX XXXX X'XXXXXXXX          1030239599344     064-000010334554XXXXXX XXXXXXXXX24614409
2092-9146459342436130000031999XXXXX XXXXXXX XXXX              1030239400421     923-100039455490XXXXXX XXXXXXXXX24614409
2092-9146459342436130000013595XXXXX XXXXXX                    1030239699402     063-000012394441XXXXXX XXXXXXXXX24614409
2092-9146459342436130000013690XXX XXXXXX                      1030239409956     062-692013915944XXXXXX XXXXXXXXX24614409
2092-9146459342436130000001499XXXXXXX XXXXX XXXXXX            1030239693245     923-100039661921XXXXXX XXXXXXXXX24614409
2092-9146459342436130000012999XXXXX XXXXXXX                   1030239649413     063-944010019100XXXXXX XXXXXXXXX24614409
2092-9146459342436130000014999XXXXX XXXXX                     1030239649533     112-909491143145XXXXXX XXXXXXXXX24614409
2092-9146459342436130000016000XXXX XXXXX XXXXXX               1030239439235     923-100039145919XXXXXX XXXXXXXXX24614409
2092-9146459342436130000003504XXXXXXXXXXX XXXX XXXXX          1030239594403     902-124000109443XXXXXX XXXXXXXXX24614409
2092-9146459342436130000001699XXXXX XXXXXXX XXXXXXXX          1030239696644     923-100039210119XXXXXX XXXXXXXXX24614409
2092-9146459342436130000001249XXXXX XXXXXXX                   1030239659194     063-253010093260XXXXXX XXXXXXXXX24614409
2092-9146459342436130000001040XXXX XXXXX XXXXXXXX             1030239402021     923-100039159455XXXXXX XXXXXXXXX24614409
2092-9146459342436130000002900XXXXXX XXXXXX                   1030239410543     404-230000554449XXXXXX XXXXXXXXX24614409
7999-999            001133134000000000000011331340                        001509                                        
