0                 01NAB       NAB TEST                  123456DrDebit     011223                                        
1083-047111111111 130000000001 Beneficiary 1                  FOR DEMONSTRATION 083-047123456789NAB SAMPLE  TEST00000000
1083-047222222222 130000000001 Beneficiary 2                  FOR DEMONSTRATION 083-047123456789NAB SAMPLE  TEST00000000
1083-047333333333 130000000001 Beneficiary 3                  FOR DEMONSTRATION 083-047123456789NAB SAMPLE  TEST00000000
1083-047444444444 130000000001 Beneficiary 4                  FOR DEMONSTRATION 083-047123456789NAB SAMPLE  TEST00000000
1083-047555555555 130000000001 Beneficiary 5                  FOR DEMONSTRATION 083-047123456789NAB SAMPLE  TEST00000000
1083-047123456789 500000000005 NAB TEST 1                     FOR DEMONSTRATION 083-047123456789NAB SAMPLE  TEST00000000
7999-999            000000000000000000050000000005                        000006                                        
